version https://git-lfs.github.com/spec/v1
oid sha256:3182ddc541f7b74681a284802c614a3cf53beb5b007c82d541a76240e9cf9d79
size 267
