version https://git-lfs.github.com/spec/v1
oid sha256:b7f28894f465cfbb5cf23e0e027eed72763238a81921011d795035ac88095124
size 3620
